     
@misc{tiposVirtualizacion,
	title = "\url{https://technet.microsoft.com/es-es/library/hh802393.aspx}",
	year = "consultado el 23 de Octubre de 2016",
}
@misc{cdmon,
	title = "\url{https://www.cdmon.com/es/}",
	year = "consultado el 23 de Octubre de 2016",
}
@misc{axarnet,
	title = "\url{https://www.axarnet.es/}",
	year = "consultado el 23 de Octubre de 2016",
}
@misc{dinahosting,
	title = "\url{https://dinahosting.com}",
	year = "consultado el 23 de Octubre de 2016",
}
@misc{hosteurope,
	title = "\url{https://www.hosteurope.es/}",
	year = "consultado el 23 de Octubre de 2016",
}
@misc{WindowsServerComparacion,
	title = "\url{https://www.microsoft.com/en-us/cloud-platform/windows-server-comparison}",
	year = "consultado el 28 de Octubre de 2016",
}
@misc{CredentialGuard,
	title = "\url{https://blogs.windows.com/windowsexperience/2015/11/12/first-major-update-for-windows-10-available-today/#8jsZMikhIgzxseGU.97}",
	year = "consultado el 28 de Octubre de 2016",
}
@misc{NanoServer,
	title = "\url{https://technet.microsoft.com/en-us/windows-server-docs/get-started/getting-started-with-nano-server}",
	year = "consultado el 28 de Octubre de 2016",
}
@misc{MAAS,
	title = "\url{https://maas.ubuntu.com/docs/}",
	year = "consultado el 28 de Octubre de 2016",
}
@misc{LandScape,
	title = "\url{https://landscape.canonical.com/static/doc/user-guide/ch01.html#idm45818555268688}",
	year = "consultado el 28 de Octubre de 2016",
}
@misc{Fedora,
	title = "\url{https://fedoraproject.org/wiki/Fedora_Project_Wiki/es}",
	year = "consultado el 28 de Octubre de 2016",
}
@misc{CentOsRedHat,
	title = "\url{https://www.redhat.com/es/about/press-releases/red-hat-and-centos-join-forces#}",
	year = "consultado el 28 de Octubre de 2016",
}
@misc{RaidSfHW,
	title = "\url{http://web.mit.edu/rhel-doc/3/rhel-sag-es-3/s1-raid-approaches.html}",
	year = "consultado el 28 de Octubre de 2016",
}
@misc{LVM,
	title = "\url{https://wiki.archlinux.org/index.php/LVM_(Espa%C3%B1ol)}",
	year = "consultado el 28 de Octubre de 2016",
}
@misc{DirectorioVar,
	title = "\url{https://wiki.archlinux.org/index.php/partitioning#.2Fvar}",
	year = "consultado el 28 de Octubre de 2016",
}
@misc{EncriptarSwap,
	title = "\url{https://wiki.archlinux.org/index.php/Dm-crypt/Swap_encryption}",
	year = "consultado el 28 de Octubre de 2016",
}
@misc{ZFS,
	title = "\url{http://docs.oracle.com/cd/E23823_01/html/819-5461/zfsover-2.html#gayou}",
	year = "consultado el 28 de Octubre de 2016",
}
@misc{Standar_DataCenter,
	title = "\url{https://social.technet.microsoft.com/wiki/contents/articles/3556.differences-between-the-editions-of-windows-server-2008.aspx}",
	year = "consultado el 28 de Octubre de 2016",
}
@misc{Standar_DataCenter1,
	title = "\url{https://www.microsoft.com/en-us/cloud-platform/windows-server-pricing}",
	year = "consultado el 28 de Octubre de 2016",
}
@misc{VirtualBoxRedes,
	title = "\url{http://www.virtualbox.org/manual/ch06.html}",
	year = "consultado el 28 de Octubre de 2016",
}
