     
@misc{ejer4,
	note = "Tutorial ejercicio 4.",
	title = "\url{http://jmeter.apache.org/usermanual/build-web-test-plan.html}",
	year = "consultado el 14 de Diciembre de 2016",
}


@misc{phoronix,
	note = "Phoronix.",
	title = "\url{http://www.phoronix.com/scan.php?page=news_item&px=NzIwMQ}",
	year = "consultado el 14 de Diciembre de 2016",
}

@misc{phoroniComandos,
	note = "Comandos de Phoronix.",
	title = "\url{http://www.phoronix-test-suite.com/documentation/phoronix-test-suite.html}",
	year = "consultado el 14 de Diciembre de 2016",
}


@misc{Scala,
	note = "Qué es Scala.",
	title = "\url{https://www.scala-lang.org/what-is-scala.html}",
	year = "consultado el 23 de Diciembre de 2016",
}

@misc{Gatling,
	note = "Intalación de Gatling.",
	title = "\url{http://gatling.io/docs/2.2.3/quickstart.html}",
	year = "consultado el 23 de Diciembre de 2016",
}



