@misc{sysctl,
	note = "sysctl",
	title = "\url{https://access.redhat.com/documentation/en-US/Red_Hat_Enterprise_Linux/3/html/Reference_Guide/s1-proc-sysctl.html}",
	year = "consultado el 10 de Enero de 2017",
}

@misc{ejer2,
	note = "documentación de red hat",
	title = "\url{https://access.redhat.com/documentation/en-US/Red_Hat_Enterprise_Linux/6/html/Performance_Tuning_Guide/s-memory-captun.html}",
	year = "consultado el 10 de Enero de 2017",
}

@misc{ejer3,
	note = "documentación de Windows sobre copia de seguridad del registro",
	title = "\url{https://support.microsoft.com/es-co/help/322756/how-to-back-up-and-restore-the-registry-in-windows}",
	year = "consultado el 10 de Enero de 2017",
}


@misc{ejer4,
	note = "configuración recomendada moodle",
	title = "\url{https://docs.moodle.org/23/en/Performance_recommendations}",
	year = "consultado el 10 de Enero de 2017",
}


@misc{curl,
	note = "curl",
	title = "\url{https://curl.haxx.se/}",
	year = "consultado el 10 de Enero de 2017",
}
